<?xml version="1.0" encoding="UTF-8"?><collection xmlns="http://www.loc.gov/MARC21/slim"><record><leader>00443nam--2200181-i-4500</leader><controlfield tag="001">000018616</controlfield><controlfield tag="002">20161230</controlfield><controlfield tag="005">20161230201032</controlfield><controlfield tag="008">060222s1000------------r-----000-0-ger-d</controlfield><datafield ind1=" " ind2=" " tag="040"><subfield code="a">IFIN-HH</subfield></datafield><datafield ind1=" " ind2=" " tag="041"><subfield code="a">ger</subfield></datafield><datafield ind1=" " ind2=" " tag="080"><subfield code="a">533.6</subfield></datafield><datafield ind1="1" ind2=" " tag="100"><subfield code="a">Dubs, F</subfield></datafield><datafield ind1="1" ind2="0" tag="245"><subfield code="a">Aerodynamik der reinen unterschallstromung</subfield><subfield code="c">F. Dubs</subfield></datafield><datafield ind1=" " ind2=" " tag="260"><subfield code="a">Basel, Verlag Birkhauser, 1954</subfield></datafield><datafield ind1=" " ind2=" " tag="300"><subfield code="a">225 P</subfield></datafield><datafield ind1=" " ind2=" " tag="852"><subfield code="a">18496</subfield><subfield code="c">533.6</subfield></datafield><datafield ind1=" " ind2=" " tag="CAT"><subfield code="a">Sys</subfield><subfield code="c">20100906</subfield><subfield code="h">144159</subfield></datafield></record></collection>